<?xml version="1.0" encoding="UTF-8"?><collection xmlns="http://www.loc.gov/MARC21/slim"><record><leader>00351nam--2200121-i-4500</leader><controlfield tag="001">000043162</controlfield><controlfield tag="002">20161230</controlfield><controlfield tag="005">20161230201043</controlfield><controlfield tag="008">060222s1000------------r-----000-0-eng-d</controlfield><datafield ind1=" " ind2=" " tag="080"><subfield code="a">621.039.516.4</subfield></datafield><datafield ind1=" " ind2=" " tag="245"><subfield code="a">Surete du cicle du combustible nucleaire</subfield></datafield><datafield ind1=" " ind2=" " tag="260"><subfield code="a">Paris, Organisation De Cooperation Et De Development Economique, 1981. 176 P</subfield></datafield><datafield ind1=" " ind2=" " tag="852"><subfield code="a">71355</subfield></datafield></record></collection>